@inproceedings{li2006towards,
  title={Towards a Unified Theory of State Abstraction for MDPs.},
  author={Li, Lihong and Walsh, Thomas J and Littman, Michael L},
  booktitle={ISAIM},
  year={2006}
}