@inproceedings{li2006towards,
  title={Towards a Unified Theory of State Abstraction for MDPs.},
  author={Li, Lihong and Walsh, Thomas J and Littman, Michael L},
  booktitle={ISAIM},
  year={2006}
}

@article{ortner2013adaptive,
  title={Adaptive aggregation for reinforcement learning in average reward Markov decision processes},
  author={Ortner, Ronald},
  journal={Annals of Operations Research},
  volume={208},
  number={1},
  pages={321--336},
  year={2013},
  publisher={Springer}
}

@incollection{even2003approximate,
  title={Approximate equivalence of Markov decision processes},
  author={Even-Dar, Eyal and Mansour, Yishay},
  booktitle={Learning Theory and Kernel Machines},
  pages={581--594},
  year={2003},
  publisher={Springer}
}

@article{Jiang2015,
author = {Jiang, Nan},
title = {{Abstraction Selection in Model-Based Reinforcement Learning}},
volume = {37},
year = {2015}
}


@inproceedings{andre2002state,
  title={State abstraction for programmable reinforcement learning agents},
  author={Andre, David and Russell, Stuart J},
  booktitle={AAAI/IAAI},
  pages={119--125},
  year={2002}
}

@article{ravindran2003smdp,
  title={SMDP homomorphisms: An algebraic approach to abstraction in semi markov decision processes},
  author={Ravindran, Balaraman},
  year={2003}
}

@inproceedings{jiang2015abstraction,
  title={Abstraction Selection in Model-based Reinforcement Learning},
  author={Jiang, Nan and Kulesza, Alex and Singh, Satinder},
  booktitle={Proceedings of The 32nd International Conference on Machine Learning},
  pages={179--188},
  year={2015}
}

@inproceedings{jong2005state,
  title={State Abstraction Discovery from Irrelevant State Variables.},
  author={Jong, Nicholas K and Stone, Peter},
  booktitle={IJCAI},
  pages={752--757},
  year={2005},
}

@inproceedings{ortner2014selecting,
  title={Selecting near-optimal approximate state representations in reinforcement learning},
  author={Ortner, Ronald and Maillard, Odalric-Ambrym and Ryabko, Daniil},
  booktitle={Algorithmic Learning Theory},
  pages={140--154},
  year={2014},
  organization={Springer}
}

@inproceedings{maillard2011selecting,
  title={Selecting the state-representation in reinforcement learning},
  author={Maillard, Odalric-Ambrym and Ryabko, Daniil and Munos, R{\'e}mi},
  booktitle={Advances in Neural Information Processing Systems},
  pages={2627--2635},
  year={2011}
}

@article{Bean2011,
author = {Bean, James C and Birge, John R and Smith, Robert L},
journal = {Operation research},
number = {2},
pages = {215--220},
title = {{Dynamic Programming Aggregation}},
volume = {35},
year = {2011}
}

@inproceedings{odalric2013optimal,
  title={Optimal regret bounds for selecting the state representation in reinforcement learning},
  author={Odalric-Ambrym, Maillard and Nguyen, Phuong and Ortner, Ronald and Ryabko, Daniil},
  booktitle={Proceedings of the Thirtieth International Conference on Machine Learning},
  year={2013}
}

@inproceedings{auer2009near,
  title={Near-optimal regret bounds for reinforcement learning},
  author={Auer, Peter and Jaksch, Thomas and Ortner, Ronald},
  booktitle={Advances in neural information processing systems},
  pages={89--96},
  year={2009}
}

@article{dietterich2000hierarchical,
  title={Hierarchical reinforcement learning with the MAXQ value function decomposition},
  author={Dietterich, Thomas G},
  journal={J. Artif. Intell. Res.(JAIR)},
  volume={13},
  pages={227--303},
  year={2000}
}

@article{Boutilier2000,
author = {Boutilier, C and Dearden, Richard and Goldszmidt, M},
issn = {0004-3702},
journal = {Artificial Intelligence},
number = {1-2},
pages = {49--107},
title = {{Stochastic dynamic programming with factored representations}},
volume = {121},
year = {2000}
}

@inproceedings{dean1997model,
  title={Model reduction techniques for computing approximately optimal solutions for Markov decision processes},
  author={Dean, Thomas and Givan, Robert and Leach, Sonia},
  booktitle={Proceedings of the Thirteenth conference on Uncertainty in artificial intelligence},
  pages={124--131},
  year={1997},
  organization={Morgan Kaufmann Publishers Inc.}
}

@article{dearden1997abstraction,
  title={Abstraction and approximate decision-theoretic planning},
  author={Dearden, Richard and Boutilier, Craig},
  journal={Artificial Intelligence},
  volume={89},
  number={1},
  pages={219--283},
  year={1997},
  publisher={Elsevier}
}

@inproceedings{dean1997modelmin,
  title={Model minimization in Markov decision processes},
  author={Dean, Thomas and Givan, Robert},
  booktitle={AAAI/IAAI},
  pages={106--111},
  year={1997}
}